@MastersThesis{dragly,
    author   = {Svenn-Arne Dragly},
    title    = {Bridging Quantum Mechanics and Molecular Dynamics with Artificial Neural Networks},
    school   = {University of Oslo},
    year     = {2014},
}

@mastersthesis{ledum,
  title ={A Computational Environment for Multiscale Modelling},
  author ={Ledum, Morten},
  school = {University of Oslo},
  year ={2017},
}

@misc{hjorthjensen,
   author       = {M. Hjorth-Jensen}, 
   title        = {Computational Physics},
   month        = 8,
   year         = 2015,
   note         = {Lecture notes},
   URL          = {https://github.com/CompPhysics/ComputationalPhysics/blob/master/doc/Lectures/lectures2015.pdf}
}

@misc{kvaal,
   author       = {S. Kvaal}, 
   title        = {Lecture notes for FYS-KJM4480},
   month        = 11,
   year         = 2017,
   note         = {Lecture notes},
   URL          = {http://theory.rutgers.edu/~giese/notes/DFT.pdf}
}

@book{verbeure2010many,
  title={Many-body boson systems: half a century later},
  author={Verbeure, Andr{\'e} F},
  year={2010},
  publisher={Springer}
}

@book{pethick2008bose,
  title={Bose--Einstein condensation in dilute gases},
  author={Pethick, Christopher J and Smith, Henrik},
  year={2008},
  publisher={Cambridge university press}
}

@mastersthesis{hogberget2013quantum,
  title={Quantum monte-carlo studies of generalized many-body systems},
  author={H{\o}gberget, J{\o}rgen},
  year={2013}
}

@article{mehta2019high,
  title={A high-bias, low-variance introduction to machine learning for physicists},
  author={Mehta, Pankaj and Bukov, Marin and Wang, Ching-Hao and Day, Alexandre GR and Richardson, Clint and Fisher, Charles K and Schwab, David J},
  journal={Physics Reports},
  year={2019},
  publisher={Elsevier}
}

@incollection{toulouse2016introduction,
  title={Introduction to the variational and diffusion Monte Carlo methods},
  author={Toulouse, Julien and Assaraf, Roland and Umrigar, Cyrus J},
  booktitle={Advances in Quantum Chemistry},
  volume={73},
  pages={285--314},
  year={2016},
  publisher={Elsevier}
}

@article{metropolis1953equation,
  title={Equation of state calculations by fast computing machines},
  author={Metropolis, Nicholas and Rosenbluth, Arianna W and Rosenbluth, Marshall N and Teller, Augusta H and Teller, Edward},
  journal={The journal of chemical physics},
  volume={21},
  number={6},
  pages={1087--1092},
  year={1953},
  publisher={AIP}
}

@book{shavitt2009many,
  title={Many-body methods in chemistry and physics: MBPT and coupled-cluster theory},
  author={Shavitt, Isaiah and Bartlett, Rodney J},
  year={2009},
  publisher={Cambridge university press}
}

@article{nilsen2005vortices,
  title={Vortices in atomic bose-einstein condensates in the large-gas-parameter region},
  author={Nilsen, JK and Mur-Petit, Jordi and Guilleumas, Montserrat and Hjorth-Jensen, M and Polls, A},
  journal={Physical Review A},
  volume={71},
  number={5},
  pages={053610},
  year={2005},
  publisher={APS}
}

@book{BECCondInDilute,
  title={Bose-Einstein Condensation in Dilute Gases},
  author={Pethick, C.J and Smith, H.},
  year={2009},
  publisher={Cambridge university press}
}

@book{ThermalPhysics,
  title={An Introduction to Thermal Physics},
  author={Schroeder, Daniel V.},
  year={2002},
  publisher={Pearson}
}

